<?xml version="1.0" encoding="UTF-8"?>
<marc:collection xmlns:marc="http://www.loc.gov/MARC21/slim" xmlns:xsi="http://www.w3.org/2001/XMLSchema-instance" xsi:schemaLocation="http://www.loc.gov/MARC21/slim http://www.loc.gov/standards/marcxml/schema/MARC21slim.xsd">
   <marc:record type="Bibliographic">
      <marc:leader>02776cam a2200541 a 4500</marc:leader>
      <marc:controlfield tag="001">500993</marc:controlfield>
      <marc:controlfield tag="003">NjP</marc:controlfield>
      <marc:controlfield tag="005">20130613141652.0</marc:controlfield>
      <marc:controlfield tag="008">890322s1988    ir       b    000 0 ara d</marc:controlfield>
      <marc:datafield tag="024" ind1="7" ind2=" ">
         <marc:subfield code="a">princeton_aco000841</marc:subfield>
         <marc:subfield code="2">local</marc:subfield>
      </marc:datafield>
      <marc:datafield tag="035" ind1=" " ind2=" ">
         <marc:subfield code="a">(OCoLC)ocn175739681</marc:subfield>
      </marc:datafield>
      <marc:datafield tag="035" ind1=" " ind2=" ">
         <marc:subfield code="a">(OCoLC)26957002</marc:subfield>
      </marc:datafield>
      <marc:datafield tag="040" ind1=" " ind2=" ">
         <marc:subfield code="a">NjP</marc:subfield>
         <marc:subfield code="c">PUL</marc:subfield>
         <marc:subfield code="d">PUL</marc:subfield>
      </marc:datafield>
      <marc:datafield tag="035" ind1=" " ind2=" ">
         <marc:subfield code="a">(OCoLC)175739681</marc:subfield>
      </marc:datafield>
      <marc:datafield tag="035" ind1=" " ind2=" ">
         <marc:subfield code="a">(CStRLIN)NJPG89-B14248</marc:subfield>
      </marc:datafield>
      <marc:datafield tag="035" ind1=" " ind2=" ">
         <marc:subfield code="9">ACH6769TS</marc:subfield>
      </marc:datafield>
      <marc:datafield tag="035" ind1=" " ind2=" ">
         <marc:subfield code="a">(NjP)500993</marc:subfield>
      </marc:datafield>
      <marc:datafield tag="079" ind1=" " ind2=" ">
         <marc:subfield code="a">ocm26957002</marc:subfield>
      </marc:datafield>
      <marc:datafield tag="049" ind1=" " ind2=" ">
         <marc:subfield code="a">PULL</marc:subfield>
      </marc:datafield>
      <marc:datafield tag="100" ind1="1" ind2=" ">
         <marc:subfield code="6">880-01</marc:subfield>
         <marc:subfield code="a">ʻIjlī, Muḥammad ibn Idrīs,</marc:subfield>
         <marc:subfield code="d">-1201?</marc:subfield>
      </marc:datafield>
      <marc:datafield tag="245" ind1="1" ind2="3">
         <marc:subfield code="6">880-02</marc:subfield>
         <marc:subfield code="a">al-Muntakhab min tafsīr al-Qurʼān ; wa-al-nukat al-mustakhrajah min Kitāb al-tibyān /</marc:subfield>
         <marc:subfield code="c">lil-faqīh Abū ʻAbd Allāh Muḥammad ibn Aḥmad ibn Idrīs al-Ḥillī ; taḥqīq Mahdī al-Rajāʼī ; ishrāf Maḥmūd al-Marʻashī.</marc:subfield>
      </marc:datafield>
      <marc:datafield tag="250" ind1=" " ind2=" ">
         <marc:subfield code="6">880-03</marc:subfield>
         <marc:subfield code="a">al-Ṭabʻah 1.</marc:subfield>
      </marc:datafield>
      <marc:datafield tag="260" ind1=" " ind2=" ">
         <marc:subfield code="6">880-04</marc:subfield>
         <marc:subfield code="a">Qum :</marc:subfield>
         <marc:subfield code="b">Maktabat Āyat Allāh al-ʻUẓmá al-Marʻashī al-Najafī,</marc:subfield>
         <marc:subfield code="c">1409 [1988 or 1989]</marc:subfield>
      </marc:datafield>
      <marc:datafield tag="300" ind1=" " ind2=" ">
         <marc:subfield code="a">2 v. ;</marc:subfield>
         <marc:subfield code="c">25 cm.</marc:subfield>
      </marc:datafield>
      <marc:datafield tag="490" ind1="1" ind2=" ">
         <marc:subfield code="6">880-05</marc:subfield>
         <marc:subfield code="a">Makhṭūṭāt Maktabat Āyat Allāh al-Marʻashī al-ʻĀmmah ;</marc:subfield>
         <marc:subfield code="v">22</marc:subfield>
      </marc:datafield>
      <marc:datafield tag="500" ind1=" " ind2=" ">
         <marc:subfield code="a">Title page partially vocalized.</marc:subfield>
      </marc:datafield>
      <marc:datafield tag="504" ind1=" " ind2=" ">
         <marc:subfield code="a">Includes bibliographical references.</marc:subfield>
      </marc:datafield>
      <marc:datafield tag="630" ind1="0" ind2="0">
         <marc:subfield code="a">Qurʼan</marc:subfield>
         <marc:subfield code="x">Commentaries.</marc:subfield>
      </marc:datafield>
      <marc:datafield tag="700" ind1="1" ind2=" ">
         <marc:subfield code="6">880-06</marc:subfield>
         <marc:subfield code="a">Marʻashī, Maḥmūd.</marc:subfield>
      </marc:datafield>
      <marc:datafield tag="700" ind1="1" ind2=" ">
         <marc:subfield code="6">880-07</marc:subfield>
         <marc:subfield code="a">Rajāʼī, Mahdī.</marc:subfield>
      </marc:datafield>
      <marc:datafield tag="700" ind1="1" ind2="2">
         <marc:subfield code="6">880-08</marc:subfield>
         <marc:subfield code="a">ʻIjlī, Muḥammad ibn Idrīs,</marc:subfield>
         <marc:subfield code="d">-1201?.</marc:subfield>
         <marc:subfield code="t">Tibyān.</marc:subfield>
         <marc:subfield code="k">Selections.</marc:subfield>
         <marc:subfield code="f">1988.</marc:subfield>
      </marc:datafield>
      <marc:datafield tag="740" ind1="0" ind2=" ">
         <marc:subfield code="6">880-09</marc:subfield>
         <marc:subfield code="a">Tibyān.</marc:subfield>
      </marc:datafield>
      <marc:datafield tag="740" ind1="0" ind2=" ">
         <marc:subfield code="6">880-10</marc:subfield>
         <marc:subfield code="a">Kitāb tibyān.</marc:subfield>
      </marc:datafield>
      <marc:datafield tag="830" ind1=" " ind2="0">
         <marc:subfield code="6">880-11</marc:subfield>
         <marc:subfield code="a">Min makhṭūṭāt Maktabat Āyat Allāl al-Marʻashī al-ʻĀmmah ;</marc:subfield>
         <marc:subfield code="v">22.</marc:subfield>
      </marc:datafield>
      <marc:datafield tag="880" ind1="1" ind2=" ">
         <marc:subfield code="6">100-01/r</marc:subfield>
         <marc:subfield code="a">عجلي، محمد بن ادريس،</marc:subfield>
         <marc:subfield code="d">-1201?</marc:subfield>
      </marc:datafield>
      <marc:datafield tag="880" ind1="1" ind2="2">
         <marc:subfield code="6">245-02/r</marc:subfield>
         <marc:subfield code="a">المنتخب من تفسير القرآن ؛ والنكة المستخرجة من كتاب التبيان /</marc:subfield>
         <marc:subfield code="c">للفقيه ابو عبد الله محمد بن احمد بن ادريس الحلي ؛ تحقيق مهدي الرجائي ؛ اشراف محمود المرعشي.</marc:subfield>
      </marc:datafield>
      <marc:datafield tag="880" ind1=" " ind2=" ">
         <marc:subfield code="6">250-03/r</marc:subfield>
         <marc:subfield code="a">الطبعة 1.</marc:subfield>
      </marc:datafield>
      <marc:datafield tag="880" ind1=" " ind2=" ">
         <marc:subfield code="6">260-04/r</marc:subfield>
         <marc:subfield code="a">قم :</marc:subfield>
         <marc:subfield code="b">مكتبة آية الله العظمى المرعشي النجفي،</marc:subfield>
         <marc:subfield code="c">1409 [1988 or 1989]</marc:subfield>
      </marc:datafield>
      <marc:datafield tag="880" ind1="1" ind2=" ">
         <marc:subfield code="6">490-05/r</marc:subfield>
         <marc:subfield code="a">مخطوطات مكتبة آية الله المرعشي العامة ؛</marc:subfield>
         <marc:subfield code="v">22</marc:subfield>
      </marc:datafield>
      <marc:datafield tag="880" ind1="1" ind2=" ">
         <marc:subfield code="6">700-06/r</marc:subfield>
         <marc:subfield code="a">مرعشي، محمود.</marc:subfield>
      </marc:datafield>
      <marc:datafield tag="880" ind1="1" ind2=" ">
         <marc:subfield code="6">700-07/r</marc:subfield>
         <marc:subfield code="a">رجائي، مهدي.</marc:subfield>
      </marc:datafield>
      <marc:datafield tag="880" ind1="1" ind2="2">
         <marc:subfield code="6">700-08/r</marc:subfield>
         <marc:subfield code="a">عجلي، محمد بن ادريس،</marc:subfield>
         <marc:subfield code="d">-1201?.</marc:subfield>
         <marc:subfield code="t">تبيان.</marc:subfield>
         <marc:subfield code="k">Selections.</marc:subfield>
         <marc:subfield code="f">1988.</marc:subfield>
      </marc:datafield>
      <marc:datafield tag="880" ind1="0" ind2=" ">
         <marc:subfield code="6">740-09/r</marc:subfield>
         <marc:subfield code="a">تبيان.</marc:subfield>
      </marc:datafield>
      <marc:datafield tag="880" ind1="0" ind2=" ">
         <marc:subfield code="6">740-10/r</marc:subfield>
         <marc:subfield code="a">كتاب تبيان.</marc:subfield>
      </marc:datafield>
      <marc:datafield tag="880" ind1=" " ind2="0">
         <marc:subfield code="6">830-11/r</marc:subfield>
         <marc:subfield code="a">من مخطوطات مكتبة آية الال المرعشي العامة ؛</marc:subfield>
         <marc:subfield code="v">22.</marc:subfield>
      </marc:datafield>
      <marc:datafield tag="998" ind1=" " ind2=" ">
         <marc:subfield code="a">07/17/90</marc:subfield>
         <marc:subfield code="s">9118</marc:subfield>
         <marc:subfield code="n">NjP</marc:subfield>
         <marc:subfield code="w">NJPG89B14248</marc:subfield>
         <marc:subfield code="d">03/22/89</marc:subfield>
         <marc:subfield code="c">JEB</marc:subfield>
         <marc:subfield code="b">JEB</marc:subfield>
         <marc:subfield code="i">900717</marc:subfield>
         <marc:subfield code="l">NJPG</marc:subfield>
      </marc:datafield>
      <marc:datafield tag="911" ind1=" " ind2=" ">
         <marc:subfield code="a">19921028</marc:subfield>
      </marc:datafield>
      <marc:datafield tag="912" ind1=" " ind2=" ">
         <marc:subfield code="a">19910104000000.0</marc:subfield>
      </marc:datafield>
      <marc:datafield tag="994" ind1=" " ind2=" ">
         <marc:subfield code="a">C0</marc:subfield>
         <marc:subfield code="b">PUL</marc:subfield>
      </marc:datafield>
      <marc:datafield tag="999" ind1=" " ind2=" ">
         <marc:subfield code="a">500993</marc:subfield>
      </marc:datafield>
   </marc:record>
</marc:collection>
